@misc{SG,
	HOWPUBLISHED = "\url{https ://www.societegenerale.com/fr/accueil}",title = "Site officiel de la Société Générale", note = "Consulté le 15 février 2023"
}
}

@misc{frameworks,
	HOWPUBLISHED = "\url{https://mobiskill.fr/blog/conseils-emploi-tech/les-meilleurs-frameworks-front-end-a-utiliser-en-2021/}",title = "Framework",
	note = "Consulté le 20 février 2023"
}

@misc{ProductOwner,
	HOWPUBLISHED = "\url{https ://www.blogdumoderateur.com/rolescrum-master-product-owner-equipe-developpement.}",title = "Product Owner",
	note = "Consulté le 15 février 2023"
}

@misc{ProxyProductOwner,
	HOWPUBLISHED = "\url{https ://blog.myagilepartner.fr/index.php/2017/01/11/unproxy-product-owner.}",title = "Proxy Product Owner",note = "Consulté le 15 février 2023"
}

@misc{CoachAgile,
	HOWPUBLISHED = "\url{https ://jedisquad.fr/differences-entre-coachagile-et-scrum-master.}",title = "Coach Agile",note = "Consulté le 15 février 2023"
}

@misc{equipeDev,
	HOWPUBLISHED = "\url{https ://scrum-league.org/tribune/lesroles-dans-scrum/lequipe-de-developpement}",title = "Equipe de développement",note = "Consulté le 15 février 2023"
}

@misc{SGABS,
	HOWPUBLISHED = "\url{https ://societegenerale.africa/fr/societe-generale-afrique/actualites /news-details/news/}",title = "Site officiel de la Société Générale African Business Services",note = "Consulté le 15 février 2023"
}

@misc{react,
    HOWPUBLISHED = "\url{https://reactjs.org/}",
    title = "Documentation du framework React",note = "Consulté le 20 février 2023"
}

@misc{graphql,
    HOWPUBLISHED = "\url{https://graphql.org/}",
    title = "Documentation de GraphQL",note = "Consulté le 20 février 2023"
}

@misc{spring,
    HOWPUBLISHED = "\url{https://spring.io/}",
    title = "Documentation du framework Spring",note = "Consulté le 20 février 2023"
}

@misc{java,
    HOWPUBLISHED = "\url{https://www.java.com/}",
    title = "Site officiel de Java",note = "Consulté le 20 février 2023"
}

@misc{soapui,
    HOWPUBLISHED = "\url{https://www.soapui.org/}",
    title = "Site officiel de SoapUI",note = "Consulté le 20 février 2023"
}